@incollection{bestion2017structure,
	  title={The structure of system thermal-hydraulic (SYS-TH) code for nuclear energy applications},
	  author={Bestion, D},
	  booktitle={Thermal-Hydraulics of Water Cooled Nuclear Reactors},
	  pages={639--727},
	  year={2017},
	  publisher={Elsevier}
}

@article{SUJB_zprava,
	  title={Bezpečnostní návody SÚJB. Bezpečné využívání jaderné energie a ionizujícího záření. Deterministické bezpečnostní analýzy událostí abnormálního provozu a základních projektových nehod},
	  publisher={SÚJB }
	  year={2017}
}

@article{petruzzi2008thermal,
	  title={Thermal-hydraulic system codes in nuclear reactor safety and qualification procedures},
	  author={Petruzzi, Alessandro and D'Auria, Francesco},
	  journal={Science and Technology of Nuclear Installations},
	  volume={2008},
	  year={2008},
	  publisher={Hindawi}
}

@techreport{fletcher1992relap5,
	title={RELAP5/MOD3 code manual},
	author={Fletcher, CD and Schultz, RR},
	year={1992},
	institution={Nuclear Regulatory Commission, Washington, DC (United States). Div. of~…}
}
@article{relap_manual,
	  title={RELAP5/MOD3. 2 Code Manual: Code structure, system models, and solution methods},
	  author={US Nuclear Regulatory Commission and others},
	  journal={Idaho: National Engineering Laboratory},
	  year={2001}
}
@article{HEDAYAT2017953,
	title = {Simulation and transient analyses of a complete passive heat removal system in a downward cooling pool-type material testing reactor against a complete station blackout and long-term natural convection mode using the RELAP5/3.2 code},
	journal = {Nuclear Engineering and Technology},
	volume = {49},
	number = {5},
	year = {2017},
	issn = {1738-5733},
	doi = {https://doi.org/10.1016/j.net.2017.03.009},
	url = {https://www.sciencedirect.com/science/article/pii/S1738573317302413},
	author = {Afshin Hedayat}
}
@article{REIS2012300,
	title = {Sensitivity analysis to a RELAP5 nodalization developed for a typical TRIGA research reactor},
	journal = {Nuclear Engineering and Design},
	volume = {242},
	pages = {300-306},
	year = {2012},
	issn = {0029-5493},
	doi = {https://doi.org/10.1016/j.nucengdes.2011.10.022},
	url = {https://www.sciencedirect.com/science/article/pii/S0029549311008958},
	author = {Patrícia A.L. Reis and Antonella L. Costa and Claubia Pereira and Clarysson A.M. Silva and Maria Auxiliadora F. Veloso and Amir Z. Mesquita},

}
@article{AZZOUNE2010823,
	title = {NUR research reactor safety analysis study for long time natural convection (NC) operation mode},
	journal = {Nuclear Engineering and Design},
	volume = {240},
	number = {4},
	pages = {823-831},
	year = {2010},
	issn = {0029-5493},
	doi = {https://doi.org/10.1016/j.nucengdes.2009.11.040},
	url = {https://www.sciencedirect.com/science/article/pii/S0029549309006335},
	author = {M. Azzoune and L. Mammou and M.H. Boulheouchat and T. Zidi and M.Y. Mokeddem and S. Belaid and A. {Bousbia Salah} and B. Meftah and A. Boumedien},
	
}
@article{CHATZIDAKIS2013341,
	title = {Phenomenological investigation of loss of coolant accident in a research reactor facility},
	journal = {Nuclear Engineering and Design},
	volume = {256},
	pages = {341-349},
	year = {2013},
	issn = {0029-5493},
	doi = {https://doi.org/10.1016/j.nucengdes.2012.08.025},
	url = {https://www.sciencedirect.com/science/article/pii/S0029549312004566},
	author = {S. Chatzidakis and A. Ikonomopoulos},

}
@book{
	international2022iaea_benchmark_database,
	title={Research Reactor Benchmarking Database: Facility Specification and Experimental Data (Revision)},
	series={Technical Reports Series},
	number={480 (Rev.1)},
	year={2022},
	url={https://www.iaea.org/publications/14855/research-reactor-benchmarking-database-facility-specification-and-experimental-data-revision},
	publisher={INTERNATIONAL ATOMIC ENERGY AGENCY},
	address={Vienna}
}

@phdthesis{zeitoun1994subcooled,
  title={Subcooled flow boiling and condensation},
  author={Zeitoun, Obida M},
  year={1994}
}

@article{KONCAR2003255,
	title = {Modelling of low-pressure subcooled flow boiling using the RELAP5 code},
	journal = {Nuclear Engineering and Design},
	volume = {220},
	number = {3},
	pages = {255-273},
	year = {2003},
	issn = {0029-5493},
	doi = {https://doi.org/10.1016/S0029-5493(02)00385-0},
	url = {https://www.sciencedirect.com/science/article/pii/S0029549302003850},
	author = {Boštjan Končar and Borut Mavko},
}

@techreport{sedlbauer2019,
	title={Individuální program zajišťování kvality a technické bezpečnosti jaderného paliva IRT-4M na školním reaktoru VR-1},
	author={Šedlbauer, M.},
	year={2019},
	institution={KJR FJFI ČVUT v Praze},
	issn = {CTU-14117-P-004-19}
}
@phdthesis{fejt,
	  title={Analýza termohydraulických modelů reaktoru VR-1 s využitím trojrozměrné kinetiky.},
	  author={Fejt, F.},
	  year={2019},
	  institution={KJR FJFI ČVUT v PRAZE},
	  pages={181/155}
}
@techreport{rataj_bezpecnosti_zprava_VR_1,
	title={Bezpečnostní zpráva školního reaktoru VR-1},
	author={Rataj, J.; al. et al.},
	year={2017},
	institution={KJR FJFI ČVUT v Praze},
	issn = {CTU-14117-P-040-17}

}


@article{CHATZIDAKIS_ASSESMENT_RSG,
	title = {A comparative assessment of independent thermal-hydraulic models for research reactors: The RSG-GAS case},
	journal = {Nuclear Engineering and Design},
	volume = {268},
	pages = {77-86},
	year = {2014},
	issn = {0029-5493},
	doi = {https://doi.org/10.1016/j.nucengdes.2013.11.076},
	url = {https://www.sciencedirect.com/science/article/pii/S0029549313007000},
	author = {S. Chatzidakis and A. Hainoun and A. Doval and F. Alhabet and F. Francioni and A. Ikonomopoulos and D. Ridikas},

}
@article{OMAR2010572,
	title = {Thermal hydraulic analysis of Syrian MNSR research reactor using RELAP5/Mod3.2 code},
	journal = {Annals of Nuclear Energy},
	volume = {37},
	number = {4},
	pages = {572-581},
	year = {2010},
	issn = {0306-4549},
	doi = {https://doi.org/10.1016/j.anucene.2009.12.021},
	url = {https://www.sciencedirect.com/science/article/pii/S0306454909003958},
	author = {H. Omar and N. Ghazi and F. Alhabit and A. Hainoun},

}
@book{
	international1992iaea,
	title={Research Reactor Core Conversion Guidebook, Volume 4: Fuels (Appendices I-K)},
	series={TECDOC Series},
	number={643/4},
	year={1992},
	url={https://www.iaea.org/publications/899/research-reactor-core-conversion-guidebook-volume-4-fuels-appendices-i-k},
	publisher={INTERNATIONAL ATOMIC ENERGY AGENCY},
	address={Vienna}
}
@article{TRIGA_CFD,
title = {A complete CFD study on natural convection in the TRIGA Mark II reactor},
journal = {Nuclear Engineering and Design},
volume = {403},
pages = {112118},
year = {2023},
issn = {0029-5493},
doi = {https://doi.org/10.1016/j.nucengdes.2022.112118},
url = {https://www.sciencedirect.com/science/article/pii/S0029549322004691},
author = {Carolina Introini and Davide Chiesa and Massimiliano Nastasi and Ezio Previtali and Andrea Salvini and Monica Sisti and Xiang Wang and Antonio Cammi},
}
@article{BILY201997,
title = {Effect of kinetics parameters on transients calculations in external source driven subcritical VR-1 reactor},
journal = {Annals of Nuclear Energy},
volume = {123},
pages = {97-109},
year = {2019},
issn = {0306-4549},
doi = {https://doi.org/10.1016/j.anucene.2018.09.007},
url = {https://www.sciencedirect.com/science/article/pii/S0306454918304808},
author = {Tomas Bily and Jan Rataj and Ondrej Huml and Ondrej Chvala},
}
@article{CAPABILITY2017RELAP,
title = {Capability of RELAP5 code to simulate the thermal-hydraulic characteristics of open natural circulation},
journal = {Annals of Nuclear Energy},
volume = {109},
pages = {612-625},
year = {2017},
issn = {0306-4549},
doi = {https://doi.org/10.1016/j.anucene.2017.06.010},
url = {https://www.sciencedirect.com/science/article/pii/S0306454916308520},
author = {Xiaofan Hou and Zhongning Sun and Wenjing Lei},


